<?xml version="1.0" encoding="UTF-8"?><collection xmlns="http://www.loc.gov/MARC21/slim"><record><leader>00398nam--2200133-i-4500</leader><controlfield tag="001">000019246</controlfield><controlfield tag="002">20161230</controlfield><controlfield tag="005">20161230201033</controlfield><controlfield tag="008">060222s1000------------r-----000-0-eng-d</controlfield><datafield ind1=" " ind2=" " tag="080"><subfield code="a">621.391(038)=002=20=40:801.323.2=20=40</subfield></datafield><datafield ind1=" " ind2=" " tag="100"><subfield code="a">Dubuc, Robert/S.A.</subfield></datafield><datafield ind1=" " ind2=" " tag="245"><subfield code="a">Dictionnaire.anglais-francais, francais- anglais de l informatique</subfield></datafield><datafield ind1=" " ind2=" " tag="260"><subfield code="a">Paris, Dunod Quebec, 1971. Xi + 214 P</subfield></datafield><datafield ind1=" " ind2=" " tag="852"><subfield code="a">D.467</subfield></datafield></record></collection>